<record><leader>00000cas a22000007a 4500</leader><controlfield tag="001">11850510</controlfield><controlfield tag="008">850326d19621964wiuwr ne      0    0eng d</controlfield><datafield ind1=" " ind2=" " tag="010"><subfield code="a">sn 85040466 </subfield></datafield><datafield ind1=" " ind2=" " tag="040"><subfield code="a">NPV</subfield><subfield code="b">eng</subfield><subfield code="c">NPV</subfield><subfield code="d">OCLCQ</subfield></datafield><datafield ind1=" " ind2=" " tag="042"><subfield code="a">msc</subfield></datafield><datafield ind1=" " ind2=" " tag="043"><subfield code="a">n-us-wi</subfield></datafield><datafield ind1=" " ind2=" " tag="045"><subfield code="a">x6x6</subfield></datafield><datafield ind1=" " ind2=" " tag="052"><subfield code="a">4123</subfield><subfield code="b">D3</subfield></datafield><datafield ind1="0" ind2="0" tag="245"><subfield code="a">Dane County news and Mazomanie sickle.</subfield></datafield><datafield ind1=" " ind2=" " tag="260"><subfield code="a">Black Earth, Wis. :</subfield><subfield code="b">[Pickering Print. Co.],</subfield><subfield code="c">1962-1964.</subfield></datafield><datafield ind1=" " ind2=" " tag="300"><subfield code="a">3 v. :</subfield><subfield code="b">ill.</subfield></datafield><datafield ind1=" " ind2=" " tag="310"><subfield code="a">Weekly</subfield></datafield><datafield ind1="0" ind2=" " tag="362"><subfield code="a">No. 1 (Jan. 5, 1962)-96th year, no. 35 (Aug. 27, 1964).</subfield></datafield><datafield ind1=" " ind2=" " tag="530"><subfield code="a">Available on microfilm from The State Historical Society of Wisconsin.</subfield></datafield><datafield ind1=" " ind2=" " tag="752"><subfield code="a">United States</subfield><subfield code="b">Wisconsin</subfield><subfield code="c">Dane</subfield><subfield code="d">Black Earth.</subfield></datafield><datafield ind1=" " ind2=" " tag="752"><subfield code="a">United States</subfield><subfield code="b">Wisconsin</subfield><subfield code="c">Dane</subfield><subfield code="d">Mazomanie.</subfield></datafield><datafield ind1="0" ind2="4" tag="780"><subfield code="t">Dane County news</subfield><subfield code="w">(DLC)sn 85040465</subfield></datafield><datafield ind1="0" ind2="4" tag="780"><subfield code="t">Mazomanie sickle</subfield><subfield code="w">(DLC)sn 85040463</subfield></datafield><datafield ind1="0" ind2="7" tag="785"><subfield code="t">Cross Plains arrow</subfield></datafield><datafield ind1="0" ind2="7" tag="785"><subfield code="t">Dane County news, Mazomanie sickle, Cross Plains arrow</subfield><subfield code="w">(DLC)sn 85040467</subfield></datafield></record>